<record><leader>00000cas a22000007a 4500</leader><controlfield tag="001">24169879</controlfield><controlfield tag="008">910802d1904191uaruwr ne      0    0eng d</controlfield><datafield ind1=" " ind2=" " tag="010"><subfield code="a">sn 91050120 </subfield></datafield><datafield ind1=" " ind2=" " tag="040"><subfield code="a">ANU</subfield><subfield code="b">eng</subfield><subfield code="c">ANU</subfield><subfield code="d">OCLCQ</subfield></datafield><datafield ind1=" " ind2=" " tag="042"><subfield code="a">msc</subfield></datafield><datafield ind1="0" ind2=" " tag="130"><subfield code="a">Times=courier (Benton, Ark.)</subfield></datafield><datafield ind1="1" ind2="4" tag="245"><subfield code="a">The Times=courier.</subfield></datafield><datafield ind1="1" ind2="3" tag="246"><subfield code="a">Saline times-courier</subfield><subfield code="f">&lt;May 19, 1904&gt;</subfield></datafield><datafield ind1=" " ind2=" " tag="260"><subfield code="a">Benton, Saline County, Ark. :</subfield><subfield code="b">B.F. Henry</subfield></datafield><datafield ind1=" " ind2=" " tag="300"><subfield code="a">v.</subfield></datafield><datafield ind1=" " ind2=" " tag="310"><subfield code="a">Weekly</subfield></datafield><datafield ind1="1" ind2=" " tag="362"><subfield code="a">Began in Mar. 1904.</subfield></datafield><datafield ind1=" " ind2=" " tag="588"><subfield code="a">Description based on damaged issue of May 19, 1904.</subfield></datafield><datafield ind1=" " ind2="4" tag="651"><subfield code="a">Benton (Ark.)</subfield><subfield code="v">Newspapers.</subfield></datafield><datafield ind1=" " ind2="4" tag="651"><subfield code="a">Saline County (Ark.)</subfield><subfield code="v">Newspapers.</subfield></datafield><datafield ind1=" " ind2=" " tag="752"><subfield code="a">United States</subfield><subfield code="b">Arkansas</subfield><subfield code="c">Saline</subfield><subfield code="d">Benton.</subfield></datafield><datafield ind1="0" ind2="0" tag="780"><subfield code="t">Saline times=courier</subfield><subfield code="w">(DLC)sn 91050103</subfield></datafield><datafield ind1="0" ind2="0" tag="785"><subfield code="t">Benton courier (Benton, Ark. : 1913)</subfield><subfield code="w">(DLC)sn 88084055</subfield></datafield><datafield ind1="1" ind2=" " tag="029"><subfield code="a">AU@</subfield><subfield code="b">000025858329</subfield></datafield></record>